<record><leader>00000nas a2200000 i 4500</leader><controlfield tag="001">934652525</controlfield><controlfield tag="006">m     o  d        </controlfield><controlfield tag="007">cr |||||||||||</controlfield><controlfield tag="008">160113d18671900mtuwr neo     0   a0eng  </controlfield><datafield ind1=" " ind2=" " tag="010"><subfield code="a">  2015270778</subfield></datafield><datafield ind1=" " ind2=" " tag="040"><subfield code="a">DLC</subfield><subfield code="b">eng</subfield><subfield code="e">rda</subfield><subfield code="c">DLC</subfield></datafield><datafield ind1="0" ind2=" " tag="022"><subfield code="a">2470-3559</subfield><subfield code="2">1</subfield></datafield><datafield ind1=" " ind2=" " tag="042"><subfield code="a">pcc</subfield><subfield code="a">nsdp</subfield></datafield><datafield ind1=" " ind2=" " tag="043"><subfield code="a">n-us-mt</subfield></datafield><datafield ind1="1" ind2="0" tag="050"><subfield code="a">ISSN RECORD</subfield></datafield><datafield ind1="1" ind2="0" tag="082"><subfield code="a">071</subfield><subfield code="2">23</subfield></datafield><datafield ind1=" " ind2="0" tag="222"><subfield code="a">Helena weekly herald</subfield><subfield code="b">(Online)</subfield></datafield><datafield ind1="0" ind2="0" tag="245"><subfield code="a">Helena weekly herald.</subfield></datafield><datafield ind1=" " ind2="1" tag="264"><subfield code="a">Helena, Montana :</subfield><subfield code="b">Herald Print. Co.,</subfield><subfield code="c">-1900.</subfield></datafield><datafield ind1=" " ind2=" " tag="300"><subfield code="a">1 online resource</subfield></datafield><datafield ind1=" " ind2=" " tag="310"><subfield code="a">Weekly</subfield></datafield><datafield ind1=" " ind2=" " tag="336"><subfield code="a">text</subfield><subfield code="b">txt</subfield><subfield code="2">rdacontent</subfield></datafield><datafield ind1=" " ind2=" " tag="337"><subfield code="a">unmediated</subfield><subfield code="b">n</subfield><subfield code="2">rdamedia</subfield></datafield><datafield ind1=" " ind2=" " tag="338"><subfield code="a">volume</subfield><subfield code="b">nc</subfield><subfield code="2">rdacarrier</subfield></datafield><datafield ind1="1" ind2=" " tag="362"><subfield code="a">Began September 5, 1867; ceased June 28, 1900.</subfield></datafield><datafield ind1=" " ind2=" " tag="500"><subfield code="a">Publishers: Herald Print. Co., Sept.-Oct. 1867; Fisk &amp; Stuart, 1867-&lt;1869&gt;; D. W. Fisk, &lt;October 27, 1870&gt;; Fisk Bros., &lt;1872&gt;-1893; Herald Pub. Co. [Fisk Bros.], 1893-1900.</subfield></datafield><datafield ind1=" " ind2=" " tag="500"><subfield code="a">Republican.</subfield></datafield><datafield ind1=" " ind2=" " tag="588"><subfield code="a">Desxcription based on: Vol. 4, no. 48 (October 27, 1870); title from masthead (Chroniclingamerica.loc.gov, viewed January 13, 2016).</subfield></datafield><datafield ind1=" " ind2=" " tag="588"><subfield code="a">Latest issue consulted: Volume XXIV, no. 4 (December 26, 1899) (Chroniclingamerica.loc.gov, viewed January 13, 2016).</subfield></datafield><datafield ind1=" " ind2="0" tag="651"><subfield code="a">Helena (Mont.)</subfield><subfield code="v">Newspapers.</subfield></datafield><datafield ind1=" " ind2="7" tag="651"><subfield code="a">Montana</subfield><subfield code="z">Helena.</subfield><subfield code="2">fast</subfield><subfield code="0">(OCoLC)fst01207480</subfield></datafield><datafield ind1=" " ind2="7" tag="655"><subfield code="a">Newspapers.</subfield><subfield code="2">fast</subfield><subfield code="0">(OCoLC)fst01423814</subfield></datafield><datafield ind1=" " ind2=" " tag="752"><subfield code="a">United States</subfield><subfield code="b">Montana</subfield><subfield code="c">Lewis and Clark</subfield><subfield code="d">Helena.</subfield></datafield><datafield ind1="0" ind2=" " tag="775"><subfield code="t">Helena daily herald</subfield></datafield><datafield ind1="0" ind2=" " tag="775"><subfield code="t">Helena herald (Helena, Mont. : 1890)</subfield></datafield><datafield ind1="0" ind2=" " tag="775"><subfield code="t">Helena evening herald</subfield></datafield><datafield ind1="0" ind2="8" tag="776"><subfield code="i">Originally issued in print:</subfield><subfield code="t">Helena weekly herald</subfield><subfield code="x">2470-3540</subfield><subfield code="w">(DLC)sn 84036143</subfield><subfield code="w">(OCoLC)11057719</subfield></datafield><datafield ind1="0" ind2="0" tag="780"><subfield code="t">Helena herald (Helena, Mont. : 1866)</subfield></datafield><datafield ind1="0" ind2="0" tag="785"><subfield code="t">Helena semi-weekly herald</subfield></datafield><datafield ind1="4" ind2="0" tag="856"><subfield code="u">http://www.loc.gov/chroniclingamerica/lccn/sn84036143/issues</subfield></datafield></record>